% Remember comma after each item!!

@book{Suli_Mayers,
	  Title     = {An Introduction to Numerical Analysis},
	  Author    = {Endre SÃ¼li, David Mayers},
	  Publisher = {Cambridge University Press},
	  Year      = {2006},
	  Pages     = {433},
	  Timestamp = {2020.04.04}
}

@book{Driscoll_Fornberg,
		Title 		= {Interpolation in the limit of increasingly flat radial basis functions},
		Author 		= {T.A. Driscoll, and B. Fornberg},
		Year        = {2002},
		Note 		= {accessed: 2019-04-04},
		Url         = {https://www.sciencedirect.com/science/article/pii/S0898122101002954}
}
	
	
% Note til max, legg til flere ting her